@inproceedings{ronneberger2015u,
  title={U-net: Convolutional networks for biomedical image segmentation},
  author={Ronneberger, Olaf and Fischer, Philipp and Brox, Thomas},
  booktitle={International Conference on Medical image computing and computer-assisted intervention},
  pages={234--241},
  year={2015},
  organization={Springer}
}

@article{pedregosa2011scikit,
  title={Scikit-learn: Machine learning in Python},
  author={Pedregosa, Fabian and Varoquaux, Ga{\"e}l and Gramfort, Alexandre and Michel, Vincent and Thirion, Bertrand and Grisel, Olivier and Blondel, Mathieu and Prettenhofer, Peter and Weiss, Ron and Dubourg, Vincent and others},
  journal={Journal of machine learning research},
  volume={12},
  number={Oct},
  pages={2825--2830},
  year={2011}
}

@book{oliphant2006guide,
  title={A guide to NumPy},
  author={Oliphant, Travis E},
  volume={1},
  year={2006},
  publisher={Trelgol Publishing USA}
}

@article{hunter2007matplotlib,
  title={Matplotlib: A 2D graphics environment},
  author={Hunter, John D},
  journal={Computing in science \& engineering},
  volume={9},
  number={3},
  pages={90--95},
  year={2007},
  publisher={IEEE}
}

@online{chollet2015keras,
  title={Keras},
  author={Chollet, Francois and others},
  year={2015},
  publisher={GitHub},
  url={https://github.com/fchollet/keras},
}

@inproceedings{abadi2016tensorflow,
  title={Tensorflow: A system for large-scale machine learning},
  author={Abadi, Mart{\'\i}n and Barham, Paul and Chen, Jianmin and Chen, Zhifeng and Davis, Andy and Dean, Jeffrey and Devin, Matthieu and Ghemawat, Sanjay and Irving, Geoffrey and Isard, Michael and others},
  booktitle={12th $\{$USENIX$\}$ Symposium on Operating Systems Design and Implementation ($\{$OSDI$\}$ 16)},
  pages={265--283},
  year={2016}
}

@incollection{huang2016improved,
  title={Improved principal component analysis for 3D seismic data simultaneous reconstruction and denoising},
  author={Huang, Weilin and Wang, Runqiu and Zhou, Yanxin and Chen, Yangkang and Yang, Runfei},
  booktitle={SEG Technical Program Expanded Abstracts 2016},
  pages={4102--4106},
  year={2016},
  publisher={Society of Exploration Geophysicists}
}

@inproceedings{li2009dimensionality,
  title={Dimensionality reduction and feature extraction from seismic spectral decomposed data using independent component analysis},
  author={Li, Yandong and Zheng, Xiaodong and Li, Jinsong},
  booktitle={Beijing International Geophysical Conference and Exposition 2009: Beijing 2009 International Geophysical Conference and Exposition, Beijing, China, 24--27 April 2009},
  pages={53--53},
  year={2009},
  organization={Society of Exploration Geophysicists}
}

@incollection{wu2018inversionnet,
  title={InversionNet: Accurate and efficient seismic waveform inversion with convolutional neural networks},
  author={Wu, Yue and Lin, Youzuo and Zhou, Zheng},
  booktitle={SEG Technical Program Expanded Abstracts 2018},
  pages={2096--2100},
  year={2018},
  publisher={Society of Exploration Geophysicists}
}

@incollection{wang2018velocity,
  title={Velocity model building with a modified fully convolutional network},
  author={Wang, Wenlong and Yang, Fangshu and Ma, Jianwei},
  booktitle={SEG Technical Program Expanded Abstracts 2018},
  pages={2086--2090},
  year={2018},
  publisher={Society of Exploration Geophysicists}
}

@inproceedings{long2015fully,
  title={Fully convolutional networks for semantic segmentation},
  author={Long, Jonathan and Shelhamer, Evan and Darrell, Trevor},
  booktitle={Proceedings of the IEEE conference on computer vision and pattern recognition},
  pages={3431--3440},
  year={2015}
}

@article{alford1974accuracy,
  title={Accuracy of finite-difference modeling of the acoustic wave equation},
  author={Alford, RM and Kelly, KR and Boore, D Mt},
  journal={Geophysics},
  volume={39},
  number={6},
  pages={834--842},
  year={1974},
  publisher={Society of Exploration Geophysicists}
}

@article{baysal1983reverse,
  title={Reverse time migration},
  author={Baysal, Edip and Kosloff, Dan D and Sherwood, John WC},
  journal={Geophysics},
  volume={48},
  number={11},
  pages={1514--1524},
  year={1983},
  publisher={Society of Exploration Geophysicists}
}

@article{dos2013inversao,
  title={Invers{\~a}o de forma de onda aplicada {\`a} an{\'a}lise de velocidades s{\'\i}smicas utilizando uma abordagem multiescala},
  author={dos Santos, AWG},
  journal={Dissert. de Mestrado, Universidade Federal da Bahia, Salvador, Brasil},
  year={2013}
}

@misc{haykin2009neural,
  title={Neural networks and learning machines/Simon Haykin.},
  author={Haykin, Simon S and others},
  year={2009},
  publisher={New York: Prentice Hall,}
}

@inproceedings{krizhevsky2012imagenet,
  title={Imagenet classification with deep convolutional neural networks},
  author={Krizhevsky, Alex and Sutskever, Ilya and Hinton, Geoffrey E},
  booktitle={Advances in neural information processing systems},
  pages={1097--1105},
  year={2012}
}

@article{lecun1989backpropagation,
  title={Backpropagation applied to handwritten zip code recognition},
  author={LeCun, Yann and Boser, Bernhard and Denker, John S and Henderson, Donnie and Howard, Richard E and Hubbard, Wayne and Jackel, Lawrence D},
  journal={Neural computation},
  volume={1},
  number={4},
  pages={541--551},
  year={1989},
  publisher={MIT Press}
}

@article{min2017deep,
  title={Deep learning in bioinformatics},
  author={Min, Seonwoo and Lee, Byunghan and Yoon, Sungroh},
  journal={Briefings in bioinformatics},
  volume={18},
  number={5},
  pages={851--869},
  year={2017},
  publisher={Oxford University Press}
}

@article{ruder2016overview,
  title={An overview of gradient descent optimization algorithms},
  author={Ruder, Sebastian},
  journal={arXiv preprint arXiv:1609.04747},
  year={2016}
}

@book{gori2017machine,
  title={Machine Learning: A constraint-based approach},
  author={Gori, Marco},
  year={2017},
  publisher={Morgan Kaufmann}
}

@article{kingma2014adam,
  title={Adam: A method for stochastic optimization},
  author={Kingma, Diederik P and Ba, Jimmy},
  journal={arXiv preprint arXiv:1412.6980},
  year={2014}
}

@article{duchi2011adaptive,
  title={Adaptive subgradient methods for online learning and stochastic optimization},
  author={Duchi, John and Hazan, Elad and Singer, Yoram},
  journal={Journal of machine learning research},
  volume={12},
  number={Jul},
  pages={2121--2159},
  year={2011}
}

@inproceedings{Cordts2016Cityscapes,
title={The Cityscapes Dataset for Semantic Urban Scene Understanding},
author={Cordts, Marius and Omran, Mohamed and Ramos, Sebastian and Rehfeld, Timo and Enzweiler, Markus and Benenson, Rodrigo and Franke, Uwe and Roth, Stefan and Schiele, Bernt},
booktitle={Proc. of the IEEE Conference on Computer Vision and Pattern Recognition (CVPR)},
year={2016}
}

@book{bishop2006pattern,
  title={Pattern recognition and machine learning},
  author={Bishop, Christopher M},
  year={2006},
  publisher={springer}
}

@article{shaw2007particle,
  title={Particle swarm optimization: A new tool to invert geophysical data},
  author={Shaw, Ranjit and Srivastava, Shalivahan},
  journal={Geophysics},
  volume={72},
  number={2},
  pages={F75--F83},
  year={2007},
  publisher={Society of Exploration Geophysicists}
}

@incollection{mojica2019towards,
  title={Towards automatically building starting models for full-waveform inversion using global optimization methods: A PSO approach via DEAP+ Devito},
  author={Mojica, Oscar F and Kukreja, Navjot},
  booktitle={SEG Technical Program Expanded Abstracts 2019},
  pages={5174--5178},
  year={2019},
  publisher={Society of Exploration Geophysicists}
}

@book{sen2013global,
  title={Global optimization methods in geophysical inversion},
  author={Sen, Mrinal K and Stoffa, Paul L},
  year={2013},
  publisher={Cambridge University Press}
}

@article{aghdam2017guide,
  title={Guide to Convolutional Neural Networks},
  author={Aghdam, Hamed Habibi and Heravi, Elnaz Jahani},
  journal={New York, NY: Springer. doi},
  volume={10},
  pages={978--3},
  year={2017},
  publisher={Springer}
}

@article{araya2018deep,
  title={Deep-learning tomography},
  author={Araya-Polo, Mauricio and Jennings, Joseph and Adler, Amir and Dahlke, Taylor},
  journal={The Leading Edge},
  volume={37},
  number={1},
  pages={58--66},
  year={2018},
  publisher={Society of Exploration Geophysicists}
}

@incollection{lewis2017deep,
  title={Deep learning prior models from seismic images for full-waveform inversion},
  author={Lewis, Winston and Vigh, Denes},
  booktitle={SEG Technical Program Expanded Abstracts 2017},
  pages={1512--1517},
  year={2017},
  publisher={Society of Exploration Geophysicists}
}

@article{roth1994neural,
  title={Neural networks and inversion of seismic data},
  author={R{\"o}th, Gunter and Tarantola, Albert},
  journal={Journal of Geophysical Research: Solid Earth},
  volume={99},
  number={B4},
  pages={6753--6768},
  year={1994},
  publisher={Wiley Online Library}
}

@article{versteeg1994marmousi,
  title={The Marmousi experience: Velocity model determination on a synthetic complex data set},
  author={Versteeg, Roelof},
  journal={The Leading Edge},
  volume={13},
  number={9},
  pages={927--936},
  year={1994},
  publisher={Society of Exploration Geophysicists}
}

@inproceedings{eberhart1995particle,
  title={Particle swarm optimization},
  author={Eberhart, Russell and Kennedy, James},
  booktitle={Proceedings of the IEEE international conference on neural networks},
  volume={4},
  pages={1942--1948},
  year={1995},
  organization={Citeseer}
}

@inproceedings{shi1998modified,
  title={A modified particle swarm optimizer},
  author={Shi, Yuhui and Eberhart, Russell},
  booktitle={1998 IEEE international conference on evolutionary computation proceedings. IEEE world congress on computational intelligence (Cat. No. 98TH8360)},
  pages={69--73},
  year={1998},
  organization={IEEE}
}

@book{holland1992adaptation,
  title={Adaptation in natural and artificial systems: an introductory analysis with applications to biology, control, and artificial intelligence},
  author={Holland, John Henry and others},
  year={1992},
  publisher={MIT press}
}

@inproceedings{mojica2019comparison,
  title={A Comparison Between Two Elitism-Based Global Optimization Methods for Estimating a Starting Velocity Model for FWI},
  author={Mojica, OF and Nogueira, P and Santana, R and Revelo, DE},
  booktitle={81st EAGE Conference and Exhibition 2019},
  volume={2019},
  number={1},
  pages={1--5},
  year={2019},
  organization={European Association of Geoscientists \& Engineers}
}

@article{sajeva2016estimation,
  title={Estimation of acoustic macro models using a genetic full-waveform inversion: Applications to the Marmousi modelGenetic FWI for acoustic macro models},
  author={Sajeva, Angelo and Aleardi, Mattia and Stucchi, Eusebio and Bienati, Nicola and Mazzotti, Alfredo},
  journal={Geophysics},
  volume={81},
  number={4},
  pages={R173--R184},
  year={2016},
  publisher={GeoScienceWorld}
}

@article{liu1995migration,
  title={Migration velocity analysis: Theory and an iterative algorithm},
  author={Liu, Zhenyue and Bleistein, Norman},
  journal={Geophysics},
  volume={60},
  number={1},
  pages={142--153},
  year={1995},
  publisher={Society of Exploration Geophysicists}
}

@article{carrion1995reflection,
  title={Reflection tomography in underwater acoustics},
  author={Carrion, Philip},
  journal={The Journal of the Acoustical Society of America},
  volume={97},
  number={2},
  pages={1318--1321},
  year={1995},
  publisher={Acoustical Society of America}
}

@article{santos2016full,
  title={FULL WAVEFORM INVERSION USING AN EFFICIENT PRECONDITIONING METHOD FOR THE GRADIENT VECTOR APPLIED FOR DIFFERENT SOURCE SIGNATURES},
  author={Santos, Peterson Nogueira and Pestana, Reynam C},
  journal={Brazilian Journal of Geophysics},
  volume={34},
  number={3},
  pages={405--418},
  year={2016}
}

@article{pratt1999seismic,
  title={Seismic waveform inversion in the frequency domain, Part 1: Theory and verification in a physical scale model},
  author={Pratt, R Gerhard},
  journal={Geophysics},
  volume={64},
  number={3},
  pages={888--901},
  year={1999},
  publisher={Society of Exploration Geophysicists}
}

@inproceedings{hariharan2015hypercolumns,
  title={Hypercolumns for object segmentation and fine-grained localization},
  author={Hariharan, Bharath and Arbel{\'a}ez, Pablo and Girshick, Ross and Malik, Jitendra},
  booktitle={Proceedings of the IEEE conference on computer vision and pattern recognition},
  pages={447--456},
  year={2015}
}

@article{bunks1995multiscale,
  title={Multiscale seismic waveform inversion},
  author={Bunks, Carey and Saleck, Fatimetou M and Zaleski, S and Chavent, G},
  journal={Geophysics},
  volume={60},
  number={5},
  pages={1457--1473},
  year={1995},
  publisher={Society of Exploration Geophysicists}
}

@article{virieux2009overview,
  title={An overview of full-waveform inversion in exploration geophysics},
  author={Virieux, Jean and Operto, St{\'e}phane},
  journal={Geophysics},
  volume={74},
  number={6},
  pages={WCC1--WCC26},
  year={2009},
  publisher={Society of Exploration Geophysicists}
}

@article{tarantola1984inversion,
  title={Inversion of seismic reflection data in the acoustic approximation},
  author={Tarantola, Albert},
  journal={Geophysics},
  volume={49},
  number={8},
  pages={1259--1266},
  year={1984},
  publisher={Society of Exploration Geophysicists}
}

@article{mcculloch1943logical,
  title={A logical calculus of the ideas immanent in nervous activity},
  author={McCulloch, Warren S and Pitts, Walter},
  journal={The bulletin of mathematical biophysics},
  volume={5},
  number={4},
  pages={115--133},
  year={1943},
  publisher={Springer}
}

@Inbook{Vlachos2010,
author="Vlachos, Michail",
editor="Sammut, Claude
and Webb, Geoffrey I.",
title="Dimensionality Reduction",
bookTitle="Encyclopedia of Machine Learning",
year="2010",
publisher="Springer US",
address="Boston, MA",
pages="274--279",
isbn="978-0-387-30164-8",
doi="10.1007/978-0-387-30164-8_216",
url="https://doi.org/10.1007/978-0-387-30164-8_216"
}



@article{abdi2010principal,
  title={Principal component analysis},
  author={Abdi, Herv{\'e} and Williams, Lynne J},
  journal={Wiley interdisciplinary reviews: computational statistics},
  volume={2},
  number={4},
  pages={433--459},
  year={2010},
  publisher={Wiley Online Library}
}

@book{box2011bayesian,
  title={Bayesian inference in statistical analysis},
  author={Box, George EP and Tiao, George C},
  volume={40},
  year={2011},
  publisher={John Wiley \& Sons}
}

@misc{francois2017deep,
  title={Deep learning with Python},
  author={Francois, Chollet},
  year={2017},
  publisher={Manning Publications Company}
}

@article{hyvarinen2013independent,
  title={Independent component analysis: recent advances},
  author={Hyv{\"a}rinen, Aapo},
  journal={Philosophical Transactions of the Royal Society A: Mathematical, Physical and Engineering Sciences},
  volume={371},
  number={1984},
  pages={20110534},
  year={2013},
  publisher={The Royal Society Publishing}
}

@data{h2tp46-17,
doi = {10.21227/H2TP46},
url = {http://dx.doi.org/10.21227/H2TP46},
author = {IEEE MLSP Technical Committee },
publisher = {IEEE Dataport},
title = {Source Separation for Simultaneous Seismic Data Acquisition},
year = {2017} }

@inproceedings{nair2010rectified,
  title={Rectified linear units improve restricted boltzmann machines},
  author={Nair, Vinod and Hinton, Geoffrey E},
  booktitle={Proceedings of the 27th international conference on machine learning (ICML-10)},
  pages={807--814},
  year={2010}
}

@inproceedings{maas2013rectifier,
  title={Rectifier nonlinearities improve neural network acoustic models},
  author={Maas, Andrew L and Hannun, Awni Y and Ng, Andrew Y},
  booktitle={Proc. icml},
  volume={30},
  number={1},
  pages={3},
  year={2013}
}

@article{clevert2015fast,
  title={Fast and accurate deep network learning by exponential linear units (elus)},
  author={Clevert, Djork-Arn{\'e} and Unterthiner, Thomas and Hochreiter, Sepp},
  journal={arXiv preprint arXiv:1511.07289},
  year={2015}
}

@inproceedings{he2015delving,
  title={Delving deep into rectifiers: Surpassing human-level performance on imagenet classification},
  author={He, Kaiming and Zhang, Xiangyu and Ren, Shaoqing and Sun, Jian},
  booktitle={Proceedings of the IEEE international conference on computer vision},
  pages={1026--1034},
  year={2015}
}